% This file was created with JabRef 2.10.
% Encoding: UTF-8


@InProceedings{3,
	Title                    = {Robust key extraction from physical uncloneable functions},
	Author                   = {{\v{S}}kori{\'c}, Boris and Tuyls, Pim and Ophey, Wil},
	Booktitle                = {International Conference on Applied Cryptography and Network Security},
	Year                     = {2005},
	Organization             = {Springer},
	Pages                    = {407--422}
}

@InProceedings{56,
	Title                    = {Securing trusted execution environments with PUF generated secret keys},
	Author                   = {Areno, Matthew and Plusquellic, Jim},
	Booktitle                = {Trust, Security and Privacy in Computing and Communications (TrustCom), 2012 IEEE 11th International Conference on},
	Year                     = {2012},
	Organization             = {IEEE},
	Pages                    = {1188--1193}
}

@InProceedings{23,
	Title                    = {A formalization of the security features of physical functions},
	Author                   = {Armknecht, Frederik and Maes, Roel and Sadeghi, Ahmad-Reza and Standaert, Francois-Xavier and Wachsmann, Christian},
	Booktitle                = {Security and Privacy (SP), 2011 IEEE Symposium on},
	Year                     = {2011},
	Organization             = {IEEE},
	Pages                    = {397--412}
}

@InCollection{14,
	Title                    = {Memory leakage-resilient encryption based on physically unclonable functions},
	Author                   = {Armknecht, Frederik and Maes, Roel and Sadeghi, Ahmad-Reza and Sunar, Berk and Tuyls, Pim},
	Booktitle                = {Towards Hardware-Intrinsic Security},
	Publisher                = {Springer},
	Year                     = {2010},
	Pages                    = {135--164}
}

@InProceedings{55,
	Title                    = {PUF-PRFs: A new tamper-resilient cryptographic primitive},
	Author                   = {Armknecht, Frederik and Maes, Roel and Sadeghi, Ahmad-Reza and Sunar, Berk and Tuyls, Pim},
	Booktitle                = {Advances in Cryptology--EUROCRYPT},
	Year                     = {2009},
	Pages                    = {96--102},
	Volume                   = {2009}
}

@InProceedings{61,
	Title                    = {Towards a unified security model for physically unclonable functions},
	Author                   = {Armknecht, Frederik and Moriyama, Daisuke and Sadeghi, Ahmad-Reza and Yung, Moti},
	Booktitle                = {Cryptographersâ€™ Track at the RSA Conference},
	Year                     = {2016},
	Organization             = {Springer},
	Pages                    = {271--287}
}

@InProceedings{25,
	Title                    = {Efficient helper data key extractor on FPGAs},
	Author                   = {B{\"o}sch, Christoph and Guajardo, Jorge and Sadeghi, Ahmad-Reza and Shokrollahi, Jamshid and Tuyls, Pim},
	Booktitle                = {International Workshop on Cryptographic Hardware and Embedded Systems},
	Year                     = {2008},
	Organization             = {Springer},
	Pages                    = {181--197}
}

@Article{62,
	Title                    = {NIST special publication 800-90A: Recommendation for random number generation using deterministic random bit generators},
	Author                   = {Barker, Elaine and Kelsey, John and others},
	Year                     = {2012},

	Publisher                = {CreateSpace Independent Publishing Platform}
}

@Article{16,
	Title                    = {An anti-counterfeiting concept for currency systems},
	Author                   = {Bauder, DW},
	Journal                  = {Sandia National Labs, Albuquerque, NM, Tech. Rep. PTK-11990},
	Year                     = {1983}
}

@PhdThesis{70,
	Title                    = {Entropy analysis of physical unclonable functions},
	Author                   = {van den Berg, Robbert and others},
	School                   = {MSc. thesis, Eindhoven University of Technology},
	Year                     = {2012}
}

@InProceedings{7,
	Title                    = {Physically unclonable function-based security and privacy in RFID systems},
	Author                   = {Bolotnyy, Leonid and Robins, Gabriel},
	Booktitle                = {Pervasive Computing and Communications, 2007. PerCom'07. Fifth Annual IEEE International Conference on},
	Year                     = {2007},
	Organization             = {IEEE},
	Pages                    = {211--220}
}

@InProceedings{26,
	Title                    = {Reusable cryptographic fuzzy extractors},
	Author                   = {Boyen, Xavier},
	Booktitle                = {Proceedings of the 11th ACM conference on Computer and communications security},
	Year                     = {2004},
	Organization             = {ACM},
	Pages                    = {82--91}
}

@Book{1,
	Title                    = {Einf{\"u}hrung in die Kryptographie},
	Author                   = {Buchmann, Johannes},
	Publisher                = {Springer},
	Year                     = {2008},
	Volume                   = {3}
}

@InProceedings{6,
	Title                    = {Design and implementation of PUF-based" unclonable" RFID ICs for anti-counterfeiting and security applications},
	Author                   = {Devadas, Srinivas and Suh, Edward and Paral, Sid and Sowell, Richard and Ziola, Tom and Khandelwal, Vivek},
	Booktitle                = {RFID, 2008 IEEE International conference on},
	Year                     = {2008},
	Organization             = {IEEE},
	Pages                    = {58--64}
}

@InProceedings{27,
	Title                    = {Fuzzy extractors: How to generate strong keys from biometrics and other noisy data},
	Author                   = {Dodis, Yevgeniy and Reyzin, Leonid and Smith, Adam},
	Booktitle                = {International conference on the theory and applications of cryptographic techniques},
	Year                     = {2004},
	Organization             = {Springer},
	Pages                    = {523--540}
}

@InProceedings{49,
	Title                    = {Using physical unclonable functions for hardware authentication: A survey},
	Author                   = {Eiroa, Susana and Baturone, Iluminada and Acosta, Antonio Jos{\'e} and D{\'a}vila, Jorge and Bean, CP},
	Booktitle                = {XXV Conference on Design of Circuits and Integrated Systems (DCIS)},
	Year                     = {2010},
	Pages                    = {204--209}
}

@InProceedings{21,
	Title                    = {Silicon physical random functions},
	Author                   = {Gassend, Blaise and Clarke, Dwaine and Van Dijk, Marten and Devadas, Srinivas},
	Booktitle                = {Proceedings of the 9th ACM conference on Computer and communications security},
	Year                     = {2002},
	Organization             = {ACM},
	Pages                    = {148--160}
}

@Article{30,
	Title                    = {Identification and authentication of integrated circuits},
	Author                   = {Gassend, Blaise and Lim, Daihyun and Clarke, Dwaine and Van Dijk, Marten and Devadas, Srinivas},
	Journal                  = {Concurrency and Computation: Practice and Experience},
	Year                     = {2004},
	Number                   = {11},
	Pages                    = {1077--1098},
	Volume                   = {16},

	Publisher                = {Wiley Online Library}
}

@PhdThesis{43,
	Title                    = {Physical random functions},
	Author                   = {Gassend, Blaise LP},
	School                   = {Massachusetts Institute of Technology},
	Year                     = {2003}
}

@InProceedings{53,
	Title                    = {Brand and IP protection with physical unclonable functions},
	Author                   = {Guajardo, Jorge and Kumar, Sandeep S and Schrijen, Geert-Jan and Tuyls, Pim},
	Booktitle                = {Circuits and Systems, 2008. ISCAS 2008. IEEE International Symposium on},
	Year                     = {2008},
	Organization             = {IEEE},
	Pages                    = {3186--3189}
}

@InProceedings{11,
	Title                    = {FPGA intrinsic PUFs and their use for IP protection},
	Author                   = {Guajardo, Jorge and Kumar, Sandeep S and Schrijen, Geert-Jan and Tuyls, Pim},
	Booktitle                = {International workshop on Cryptographic Hardware and Embedded Systems},
	Year                     = {2007},
	Organization             = {Springer},
	Pages                    = {63--80}
}

@Article{59,
	Title                    = {Error detecting and error correcting codes},
	Author                   = {Hamming, Richard W},
	Journal                  = {Bell Labs Technical Journal},
	Year                     = {1950},
	Number                   = {2},
	Pages                    = {147--160},
	Volume                   = {29},

	Publisher                = {Wiley Online Library}
}

@InProceedings{5,
	Title                    = {A physical unclonable function defined using power distribution system equivalent resistance variations},
	Author                   = {Helinski, Ryan and Acharyya, Dhruva and Plusquellic, Jim},
	Booktitle                = {Proceedings of the 46th Annual Design Automation Conference},
	Year                     = {2009},
	Organization             = {ACM},
	Pages                    = {676--681}
}

@Article{65,
	Title                    = {Power-up SRAM state as an identifying fingerprint and source of true random numbers},
	Author                   = {Holcomb, Daniel E and Burleson, Wayne P and Fu, Kevin},
	Journal                  = {IEEE Transactions on Computers},
	Year                     = {2009},
	Number                   = {9},
	Pages                    = {1198--1210},
	Volume                   = {58},

	Publisher                = {IEEE}
}

@InProceedings{50,
	Title                    = {Initial SRAM state as a fingerprint and source of true random numbers for RFID tags},
	Author                   = {Holcomb, Daniel E and Burleson, Wayne P and Fu, Kevin and others},
	Booktitle                = {Proceedings of the Conference on RFID Security},
	Year                     = {2007},
	Pages                    = {2},
	Volume                   = {7}
}

@InProceedings{45,
	Title                    = {Estimating the secrecy-rate of physical unclonable functions with the context-tree weighting method},
	Author                   = {Ignatenko, Tanya and Schrijen, Geert-Jan and Skoric, Boris and Tuyls, Pim and Willems, Frans},
	Booktitle                = {Information Theory, 2006 IEEE International Symposium on},
	Year                     = {2006},
	Organization             = {IEEE},
	Pages                    = {499--503}
}

@InProceedings{24,
	Title                    = {PUFs: Myth, fact or busted? A security evaluation of physically unclonable functions (PUFs) cast in silicon},
	Author                   = {Katzenbeisser, Stefan and Kocaba{\c{s}}, {\"U}nal and Ro{\v{z}}i{\'c}, Vladimir and Sadeghi, Ahmad-Reza and Verbauwhede, Ingrid and Wachsmann, Christian},
	Booktitle                = {International Workshop on Cryptographic Hardware and Embedded Systems},
	Year                     = {2012},
	Organization             = {Springer},
	Pages                    = {283--301}
}

@InProceedings{13,
	Title                    = {PUFatt: Embedded platform attestation based on novel processor-based PUFs},
	Author                   = {Kong, Joonho and Koushanfar, Farinaz and Pendyala, Praveen K and Sadeghi, Ahmad-Reza and Wachsmann, Christian},
	Booktitle                = {Proceedings of the 51st Annual Design Automation Conference},
	Year                     = {2014},
	Organization             = {ACM},
	Pages                    = {1--6}
}

@InProceedings{52,
	Title                    = {The butterfly PUF protecting IP on every FPGA},
	Author                   = {Kumar, Sandeep S and Guajardo, Jorge and Maes, Roel and Schrijen, Geert-Jan and Tuyls, Pim},
	Booktitle                = {Hardware-Oriented Security and Trust, 2008. HOST 2008. IEEE International Workshop on},
	Year                     = {2008},
	Organization             = {IEEE},
	Pages                    = {67--70}
}

@InProceedings{34,
	Title                    = {Reconfigurable architectures for silicon physical unclonable functions},
	Author                   = {Lao, Yingjie and Parhi, Keshab K},
	Booktitle                = {Electro/Information Technology (EIT), 2011 IEEE International Conference on},
	Year                     = {2011},
	Organization             = {IEEE},
	Pages                    = {1--7}
}

@InProceedings{31,
	Title                    = {A technique to build a secret key in integrated circuits for identification and authentication applications},
	Author                   = {Lee, Jae W and Lim, Daihyun and Gassend, Blaise and Suh, G Edward and Van Dijk, Marten and Devadas, Srinivas},
	Booktitle                = {VLSI Circuits, 2004. Digest of Technical Papers. 2004 Symposium on},
	Year                     = {2004},
	Organization             = {IEEE},
	Pages                    = {176--179}
}

@Article{2,
	Title                    = {Extracting secret keys from integrated circuits},
	Author                   = {Lim, Daihyun and Lee, Jae W and Gassend, Blaise and Suh, G Edward and Van Dijk, Marten and Devadas, Srinivas},
	Journal                  = {IEEE Transactions on Very Large Scale Integration (VLSI) Systems},
	Year                     = {2005},
	Number                   = {10},
	Pages                    = {1200--1205},
	Volume                   = {13},

	Publisher                = {IEEE}
}

@InProceedings{28,
	Title                    = {New shielding functions to enhance privacy and prevent misuse of biometric templates},
	Author                   = {Linnartz, Jean-Paul and Tuyls, Pim},
	Booktitle                = {International Conference on Audio-and Video-Based Biometric Person Authentication},
	Year                     = {2003},
	Organization             = {Springer},
	Pages                    = {393--402}
}

@InCollection{17,
	Title                    = {Physically Unclonable Functions: Concept and Constructions},
	Author                   = {Maes, Roel},
	Booktitle                = {Physically Unclonable Functions},
	Publisher                = {Springer},
	Year                     = {2013},
	Pages                    = {11--48}
}

@InProceedings{57,
	Title                    = {PUFKY: A fully functional PUF-based cryptographic key generator},
	Author                   = {Maes, Roel and Van Herrewege, Anthony and Verbauwhede, Ingrid},
	Booktitle                = {International Workshop on Cryptographic Hardware and Embedded Systems},
	Year                     = {2012},
	Organization             = {Springer},
	Pages                    = {302--319}
}

@InCollection{18,
	Title                    = {Physically unclonable functions: A study on the state of the art and future research directions},
	Author                   = {Maes, Roel and Verbauwhede, Ingrid},
	Booktitle                = {Towards Hardware-Intrinsic Security},
	Publisher                = {Springer},
	Year                     = {2010},
	Pages                    = {3--37}
}

@InCollection{60,
	Title                    = {A systematic method to evaluate and compare the performance of physical unclonable functions},
	Author                   = {Maiti, Abhranil and Gunreddy, Vikash and Schaumont, Patrick},
	Booktitle                = {Embedded systems design with FPGAs},
	Publisher                = {Springer},
	Year                     = {2013},
	Pages                    = {245--267}
}

@Article{47,
	Title                    = {Improved ring oscillator PUF: An FPGA-friendly secure primitive},
	Author                   = {Maiti, Abhranil and Schaumont, Patrick},
	Journal                  = {Journal of cryptology},
	Year                     = {2011},
	Number                   = {2},
	Pages                    = {375--397},
	Volume                   = {24},

	Publisher                = {Springer}
}

@InProceedings{46,
	Title                    = {Improving the quality of a physical unclonable function using configurable ring oscillators},
	Author                   = {Maiti, Abhranil and Schaumont, Patrick},
	Booktitle                = {Field Programmable Logic and Applications, 2009. FPL 2009. International Conference on},
	Year                     = {2009},
	Organization             = {IEEE},
	Pages                    = {703--707}
}

@Article{35,
	Title                    = {Techniques for design and implementation of secure reconfigurable PUFs},
	Author                   = {Majzoobi, Mehrdad and Koushanfar, Farinaz and Potkonjak, Miodrag},
	Journal                  = {ACM Transactions on Reconfigurable Technology and Systems (TRETS)},
	Year                     = {2009},
	Number                   = {1},
	Pages                    = {5},
	Volume                   = {2},

	Publisher                = {ACM}
}

@InProceedings{36,
	Title                    = {Testing techniques for hardware security},
	Author                   = {Majzoobi, Mehrdad and Koushanfar, Farinaz and Potkonjak, Miodrag},
	Booktitle                = {Test Conference, 2008. ITC 2008. IEEE International},
	Year                     = {2008},
	Organization             = {IEEE},
	Pages                    = {1--10}
}

@Book{66,
	Title                    = {The art of error correcting coding},
	Author                   = {Morelos-Zaragoza, Robert H},
	Publisher                = {John Wiley \& Sons},
	Year                     = {2006}
}

@InProceedings{33,
	Title                    = {An analysis of delay based PUF implementations on FPGA},
	Author                   = {Morozov, Sergey and Maiti, Abhranil and Schaumont, Patrick},
	Booktitle                = {International Symposium on Applied Reconfigurable Computing},
	Year                     = {2010},
	Organization             = {Springer},
	Pages                    = {382--387}
}

@Article{67,
	Title                    = {Teaching user interface design based on usability engineering},
	Author                   = {Nielsen, Jakob and Molich, Rolf},
	Journal                  = {ACM SIGCHI Bulletin},
	Year                     = {1989},
	Number                   = {1},
	Pages                    = {45--48},
	Volume                   = {21},

	Publisher                = {ACM}
}

@Article{19,
	Title                    = {Physical one-way functions},
	Author                   = {Pappu, Ravikanth and Recht, Ben and Taylor, Jason and Gershenfeld, Neil},
	Journal                  = {Science},
	Year                     = {2002},
	Number                   = {5589},
	Pages                    = {2026--2030},
	Volume                   = {297},

	Publisher                = {American Association for the Advancement of Science}
}

@PhdThesis{39,
	Title                    = {Physical one-way functions},
	Author                   = {Pappu, Ravikanth Srinivasa},
	School                   = {Massachusetts Institute of Technology},
	Year                     = {2001}
}

@Article{20,
	Title                    = {Protecting devices by active coating},
	Author                   = {Posch, Reinhard},
	Journal                  = {Journal of Universal Computer Science},
	Year                     = {1998},
	Number                   = {7},
	Pages                    = {652--668},
	Volume                   = {4}
}

@InProceedings{63,
	Title                    = {On measures of entropy and information},
	Author                   = {R{\'e}nyi, Alfr{\'e}d and others},
	Booktitle                = {Proceedings of the fourth Berkeley symposium on mathematical statistics and probability},
	Year                     = {1961},
	Pages                    = {547--561},
	Volume                   = {1}
}

@InBook{29,
	Title                    = {Strong PUFs: Models, Constructions, and Security Proofs},
	Author                   = {R{\"u}hrmair, Ulrich
		and Busch, Heike
			and Katzenbeisser, Stefan},
	Editor                   = {Sadeghi, Ahmad-Reza
		and Naccache, David},
	Pages                    = {79--96},
	Publisher                = {Springer Berlin Heidelberg},
	Year                     = {2010},

	Address                  = {Berlin, Heidelberg},

	Booktitle                = {Towards Hardware-Intrinsic Security: Foundations and Practice},
	Doi                      = {10.1007/978-3-642-14452-3_4},
	ISBN                     = {978-3-642-14452-3},
	Url                      = {http://dx.doi.org/10.1007/978-3-642-14452-3_4}
}

@InProceedings{37,
	Title                    = {Modeling attacks on physical unclonable functions},
	Author                   = {R{\"u}hrmair, Ulrich and Sehnke, Frank and S{\"o}lter, Jan and Dror, Gideon and Devadas, Srinivas and Schmidhuber, J{\"u}rgen},
	Booktitle                = {Proceedings of the 17th ACM conference on Computer and communications security},
	Year                     = {2010},
	Organization             = {ACM},
	Pages                    = {237--249}
}

@InCollection{9,
	Title                    = {Enhancing RFID security and privacy by physically unclonable functions},
	Author                   = {Sadeghi, Ahmad-Reza and Visconti, Ivan and Wachsmann, Christian},
	Booktitle                = {Towards Hardware-Intrinsic Security},
	Publisher                = {Springer},
	Year                     = {2010},
	Pages                    = {281--305}
}

@InProceedings{64,
	Title                    = {Empirical Analysis of Intrinsic Physically Unclonable Functions Found in Commodity Hardware},
	Author                   = {Schaller, Andr{\'e} and van Herrewege, Anthony and van der Leest, Vincent and Arul, Tolga and Katzenbeisser, Stefan},
	Year                     = {2015}
}

@InProceedings{54,
	Title                    = {Embedded trusted computing with authenticated non-volatile memory},
	Author                   = {Schellekens, Dries and Tuyls, Pim and Preneel, Bart},
	Booktitle                = {International Conference on Trusted Computing},
	Year                     = {2008},
	Organization             = {Springer},
	Pages                    = {60--74}
}

@InProceedings{12,
	Title                    = {Short paper: Lightweight remote attestation using physical functions},
	Author                   = {Schulz, Steffen and Sadeghi, Ahmad-Reza and Wachsmann, Christian},
	Booktitle                = {Proceedings of the fourth ACM conference on Wireless network security},
	Year                     = {2011},
	Organization             = {ACM},
	Pages                    = {109--114}
}

@Other{10,
	Title                    = {Public-Key Kryptographie mit Hilfe von SRAM PUFs},
	Author                   = {Sebastian Schurig},
	Journal                  = {Bachelor Thesis},
	Year                     = {2014}
}

@Other{71,
	Title                    = {Development of a user interface and implementation of specific software tools for the evaluation and realization of PUFs with respect to security applications},
	Author                   = {Sebastian Schurig},
	Journal                  = {Master Thesis},
	Year                     = {2017}
}

@Book{68,
	Title                    = {Secure Coding in C and C++, 2nd Edition},
	Author                   = {Seacord, Robert C},
	Publisher                = {Addison-Wesley Professional},
	Year                     = {2013}
}

@Article{58,
	Title                    = {A mathematical theory of communication},
	Author                   = {Shannon, C. E.},
	Journal                  = {Bell System Technical Journal},
	Year                     = {1948},
	Number                   = {3},
	Pages                    = {379},
	Volume                   = {27}
}

@InProceedings{41,
	Title                    = {Identification of data, devices, documents and individuals},
	Author                   = {Simmons, Gustavus J},
	Booktitle                = {Security Technology, 1991. Proceedings. 25th Annual 1991 IEEE International Carnahan Conference on},
	Year                     = {1991},
	Organization             = {IEEE},
	Pages                    = {197--218}
}

@InProceedings{51,
	Title                    = {A 1.6 pJ/bit 96\% stable chip-ID generating circuit using process variations},
	Author                   = {Su, Ying and Holleman, Jeremy and Otis, Brian},
	Booktitle                = {Solid-State Circuits Conference, 2007. ISSCC 2007. Digest of Technical Papers. IEEE International},
	Year                     = {2007},
	Organization             = {IEEE},
	Pages                    = {406--611}
}

@InProceedings{8,
	Title                    = {Physical unclonable functions for device authentication and secret key generation},
	Author                   = {Suh, G Edward and Devadas, Srinivas},
	Booktitle                = {Proceedings of the 44th annual Design Automation Conference},
	Year                     = {2007},
	Organization             = {ACM},
	Pages                    = {9--14}
}

@TechReport{42,
	Title                    = {Reflective particle technology for identification of critical components},
	Author                   = {Tolk, Keith M},
	Institution              = {Sandia National Labs., Albuquerque, NM (United States)},
	Year                     = {1992}
}

@InCollection{40,
	Title                    = {Strong authentication with physical unclonable functions},
	Author                   = {Tuyls, Pim and {\v{S}}kori{\'c}, Boris},
	Booktitle                = {Security, Privacy, and Trust in Modern Data Management},
	Publisher                = {Springer},
	Year                     = {2007},
	Pages                    = {133--148}
}

@InCollection{44,
	Title                    = {Physical unclonable functions for enhanced security of tokens and tags},
	Author                   = {Tuyls, Pim and {\v{S}}kori{\'c}, Boris},
	Booktitle                = {ISSE 2006â€”Securing Electronic Busines Processes},
	Publisher                = {Springer},
	Year                     = {2006},
	Pages                    = {30--37}
}

@InProceedings{22,
	Title                    = {Information-theoretic security analysis of physical uncloneable functions},
	Author                   = {Tuyls, Pim and {\v{S}}kori{\'c}, Boris and Stallinga, Sjoerd and Akkermans, Anton HM and Ophey, Wil},
	Booktitle                = {International Conference on Financial Cryptography and Data Security},
	Year                     = {2005},
	Organization             = {Springer},
	Pages                    = {141--155}
}

@Book{4,
	Title                    = {Security with noisy data: on private biometrics, secure key storage and anti-counterfeiting},
	Author                   = {Tuyls, Pim and Kevenaar, Tom and others},
	Publisher                = {Springer Science \& Business Media},
	Year                     = {2007}
}

@InCollection{32,
	Title                    = {Read-proof hardware from protective coatings},
	Author                   = {Tuyls, Pim and Schrijen, Geert-Jan and {\v{S}}kori{\'c}, Boris and Van Geloven, Jan and Verhaegh, Nynke and Wolters, Rob},
	Booktitle                = {Cryptographic Hardware and Embedded Systems-CHES 2006},
	Publisher                = {Springer},
	Year                     = {2006},
	Pages                    = {369--383}
}

@InProceedings{15,
	Title                    = {Hardware intrinsic security from D flip-flops},
	Author                   = {Van der Leest, Vincent and Schrijen, Geert-Jan and Handschuh, Helena and Tuyls, Pim},
	Booktitle                = {Proceedings of the fifth ACM workshop on Scalable trusted computing},
	Year                     = {2010},
	Organization             = {ACM},
	Pages                    = {53--62}
}

@Article{38,
	Title                    = {Variation Aware Placement for Efficient Key Generation using Physically Unclonable Functions in Reconfigurable Systems},
	Author                   = {Vyas, Shrikant S},
	Year                     = {2016}
}

@InProceedings{48,
	Title                    = {LISA: Maximizing RO PUF's secret extraction},
	Author                   = {Yin, Chi-En Daniel and Qu, Gang},
	Booktitle                = {Hardware-Oriented Security and Trust (HOST), 2010 IEEE International Symposium on},
	Year                     = {2010},
	Organization             = {IEEE},
	Pages                    = {100--105}
}

@Standard{69,
	Title                    = {Morelos-Zaragoza, Encoder/decoder for binary BCH codes in C (Version 3.1), 1994 (revised 1997)},
	note		             = {Available at \url{www.eccpage.com/bch3.c}}
}

@Book{os8,
	title					= {IBM 4765 PCIe Cryptographic Coprocessor.},
	author					= {IBM Systems},
	Organization			= {IBM Systems.},
	note					= {Available at \url{http://www-03.ibm.com/security/cryptocards/pciecc/overview.shtml}}
}


@inproceedings{cogni,
	title 					 = {CogniCrypt: Supporting Developers in using Cryptography},
	author 					 = {Kr{\"u}ger, Stefan and Nadi, Sarah and Reif, Michael and Ali, Karim and Mezini, Mira and Bodden, Eric and G{\"o}pfert, Florian and G{\"u}nther, Felix and Weinert, Christian and Demmler, Daniel and Kamath, Ram},
	publisher				 = {ACM},
	booktitle 				 = {Automated Software Engineering (ASE'17)},
	month 					 = nov,
	year 					 = {2017},
}

@inproceedings{os9,
  title={Silicon physical random functions},
  author={Gassend, Blaise and Clarke, Dwaine and Van Dijk, Marten and Devadas, Srinivas},
  booktitle={Proceedings of the 9th ACM conference on Computer and communications security},
  pages={148--160},
  year={2002},
  organization={ACM}
}

@inproceedings{onward2015,
  title={Towards secure integration of cryptographic software},
  author={Arzt, Steven and Nadi, Sarah and Ali, Karim and Bodden, Eric and Erdweg, Sebastian and Mezini, Mira},
  booktitle={2015 ACM International Symposium on New Ideas, New Paradigms, and Reflections on Programming and Software (Onward!)},
  pages={1--13},
  year={2015},
  organization={ACM}
}

@inproceedings{fuzzy,
  title={Cryptographie key generation from PUF data using efficient fuzzy extractors},
  author={Kang, Hyunho and Hori, Yohei and Katashita, Toshihiro and Hagiwara, Manabu and Iwamura, Keiichi},
  booktitle={Advanced Communication Technology (ICACT), 2014 16th International Conference on},
  pages={23--26},
  year={2014},
  organization={IEEE}
}

@article{th21,
  title={The history and development of fingerprinting},
  author={Berry, John and Stoney, David A},
  journal={Advances in fingerprint Technology},
  volume={2},
  pages={13--52},
  year={2001}
}

@incollection{th2,
  title={Anti-counterfeiting: Mixing the physical and the digital world},
  author={Kirovski, Darko},
  booktitle={Towards Hardware-Intrinsic Security},
  pages={223--233},
  year={2010},
  publisher={Springer}
}

@book{th8,
  title={Counterfeit deterrent features for the next-generation currency design},
  author={National Research Council and others},
  volume={472},
  year={1993},
  publisher={National Academies Press}
}

@techreport{th53,
  title={Reflective particle technology for identification of critical components},
  author={Tolk, Keith M},
  year={1992},
  institution={Sandia National Labs., Albuquerque, NM (United States)}
}

@inproceedings{thbook,
  title={Towards hardware-intrinsic security},
  author={Sadeghi, Ahmad-Reza and Naccache, David},
  booktitle={Information Security and Cryptography},
  year={2010},
  organization={Springer}
}

@Book{chap2,
	Title                    = {Essential Coding Theory},
	Author                   = {Venkatesan Guruswami, Atri Rudra and Madhu Sudan},
	Year                     = {2017},
	note		             = {Available at \url{https://www.cse.buffalo.edu/faculty/atri/courses/coding-theory/book/}}
}

@Book{linear,
	Title                    = {Chapter 3 Linear Codes},
	note		             = {Available at \url{http://users.math.msu.edu/users/jhall/classes/codenotes/Linear.pdf}}
}

@article{golay,
  title={Coding Theory Massoud Malek},
  author={Codes, Golay}
}

@article{clafer,
  title={Clafer: unifying class and feature modeling},
  author={B{\k{a}}k, Kacper and Diskin, Zinovy and Antkiewicz, Micha{\l} and Czarnecki, Krzysztof and W{\k{a}}sowski, Andrzej},
  journal={Software \& Systems Modeling},
  volume={15},
  number={3},
  pages={811--845},
  year={2016},
  publisher={Springer}
}

@book{jni,
  title={The Java Native Interface: Programmer's Guide and Specification},
  author={Liang, Sheng},
  year={1999},
  publisher={Addison-Wesley Professional}
}

@book{jni_tutorial,
  title={Java Programming Tutorial},
  author={Java Native Interface},
  note={Avaialable at \url{https://www3.ntu.edu.sg/home/ehchua/programming/java/JavaNativeInterface.html}}
}

@book{nativeutils,
  title={Git repo: adamheinrich/native-utils},
  author={Adam Heinrich},
  note={Available at \url{https://github.com/adamheinrich/native-utils/blob/master/src/main/java/cz/adamh/utils/NativeUtils.java}}
}

@inproceedings{crypto_icse,
  title={" Jumping Through Hoops": Why do Java Developers Struggle with Cryptography APIs?},
  author={Nadi, Sarah and Kr{\"u}ger, Stefan and Mezini, Mira and Bodden, Eric},
  booktitle={Software Engineering (ICSE), 2016 IEEE/ACM 38th International Conference on},
  pages={935--946},
  year={2016},
  organization={IEEE}
}

@article{reed,
  title={Reed-muller codes},
  author={Raaphorst, Sebastian},
  journal={Carleton University, May},
  volume={9},
  year={2003}
}
